<record xmlns="http://www.loc.gov/MARC21/slim">
  <leader>00772cam a2200229 | 4500</leader>
  <controlfield tag="001">87804</controlfield>
  <controlfield tag="008">063076s1913    gw                  ger l</controlfield>
  <datafield tag="010" ind1=" " ind2=" ">
    <subfield code="a">   13017994</subfield>
  </datafield>
  <datafield tag="035" ind1=" " ind2=" ">
    <subfield code="a">ocm03045464</subfield>
  </datafield>
  <datafield tag="039" ind1="0" ind2=" ">
    <subfield code="a">0139325E</subfield>
    <subfield code="f">LAC</subfield>
  </datafield>
  <datafield tag="040" ind1=" " ind2=" ">
    <subfield code="a">DLC</subfield>
    <subfield code="b">eng</subfield>
  </datafield>
  <datafield tag="049" ind1=" " ind2=" ">
    <subfield code="a">aeu</subfield>
    <subfield code="b">eng</subfield>
  </datafield>
  <datafield tag="050" ind1="0" ind2=" ">
    <subfield code="a">LF 2810</subfield>
    <subfield code="b">S35 1913</subfield>
  </datafield>
  <datafield tag="090" ind1="0" ind2="0">
    <subfield code="a">LF 2810 S35 1913</subfield>
    <subfield code="b">NO</subfield>
  </datafield>
  <datafield tag="100" ind1="1" ind2="0">
    <subfield code="a">Schneider, Franz,</subfield>
    <subfield code="d">1892-</subfield>
  </datafield>
  <datafield tag="245" ind1="1" ind2="0">
    <subfield code="a">Geschichte der Universität Heidelberg im ersten Jahrzehnt nach der Reorganisation durch Karl Friedrich (1803-1913)</subfield>
  </datafield>
  <datafield tag="260" ind1="0" ind2=" ">
    <subfield code="a">Heidelberg, </subfield>
    <subfield code="b">C. Winter, </subfield>
    <subfield code="c">1913.</subfield>
  </datafield>
  <datafield tag="300" ind1=" " ind2=" ">
    <subfield code="a">356 p.  </subfield>
    <subfield code="c">23 cm.</subfield>
  </datafield>
  <datafield tag="440" ind1=" " ind2="0">
    <subfield code="a">Heidelberger Abhandlungen zur mittleren und neueren Geschichte.</subfield>
    <subfield code="v">38</subfield>
  </datafield>
  <datafield tag="596" ind1=" " ind2=" ">
    <subfield code="a">38</subfield>
  </datafield>
  <datafield tag="610" ind1="1" ind2="0">
    <subfield code="a">Universität Heidelberg</subfield>
    <subfield code="x">History.</subfield>
  </datafield>
  <datafield tag="926" ind1=" " ind2=" ">
    <subfield code="a">UABARD</subfield>
    <subfield code="b">ON_SHELF</subfield>
    <subfield code="c">LF 2810 S35 1913</subfield>
    <subfield code="d">BOOK</subfield>
    <subfield code="f">1</subfield>
  </datafield>
</record>
